%YAML 1.1
%TAG !u! tag:unity3d.com,2011:
--- !u!1001 &100100000
Prefab:
  m_ObjectHideFlags: 1
  serializedVersion: 2
  m_Modification:
    m_TransformParent: {fileID: 0}
    m_Modifications: []
    m_RemovedComponents: []
  m_SourcePrefab: {fileID: 0}
  m_RootGameObject: {fileID: 1584646280736190}
  m_IsPrefabAsset: 1
--- !u!1 &1584646280736190
GameObject:
  m_ObjectHideFlags: 0
  m_CorrespondingSourceObject: {fileID: 0}
  m_PrefabInternal: {fileID: 100100000}
  serializedVersion: 6
  m_Component:
  - component: {fileID: 4558762292293952}
  - component: {fileID: 114758779089949110}
  - component: {fileID: 114832019533104568}
  m_Layer: 0
  m_Name: GameManager
  m_TagString: Untagged
  m_Icon: {fileID: 0}
  m_NavMeshLayer: 0
  m_StaticEditorFlags: 0
  m_IsActive: 1
--- !u!4 &4558762292293952
Transform:
  m_ObjectHideFlags: 1
  m_CorrespondingSourceObject: {fileID: 0}
  m_PrefabInternal: {fileID: 100100000}
  m_GameObject: {fileID: 1584646280736190}
  m_LocalRotation: {x: 0, y: 0, z: 0, w: 1}
  m_LocalPosition: {x: 0, y: 0, z: 0}
  m_LocalScale: {x: 1, y: 1, z: 1}
  m_Children: []
  m_Father: {fileID: 0}
  m_RootOrder: 0
  m_LocalEulerAnglesHint: {x: 0, y: 0, z: 0}
--- !u!114 &114758779089949110
MonoBehaviour:
  m_ObjectHideFlags: 1
  m_CorrespondingSourceObject: {fileID: 0}
  m_PrefabInternal: {fileID: 100100000}
  m_GameObject: {fileID: 1584646280736190}
  m_Enabled: 1
  m_EditorHideFlags: 0
  m_Script: {fileID: 11500000, guid: b63070258572f614fac77edbdcc342ae, type: 3}
  m_Name: 
  m_EditorClassIdentifier: 
  cols: 8
  rows: 8
  wallCount:
    minimum: 5
    maximum: 9
  foodCount:
    minimum: 1
    maximum: 5
  exit: {fileID: 1481322970493196, guid: d218c7d6d0b947a4a9b3bcf31245680f, type: 2}
  floorTiles:
  - {fileID: 1224974919628872, guid: b203be052f96768428847981967fdf36, type: 2}
  - {fileID: 1879247808104064, guid: e0f58278ffd5c6c48af8531357fedc27, type: 2}
  - {fileID: 1988499063722278, guid: 6945f31e8470ee94daba40b8ab12b4e4, type: 2}
  - {fileID: 1403680379353522, guid: afb401b9f8446fb4ca77f40a3de861b3, type: 2}
  - {fileID: 1230548979442638, guid: 7c9c742993035b845b54e8644e1dd664, type: 2}
  - {fileID: 1904026697377668, guid: 823d54abdd544db4f8120df7e96b3b6a, type: 2}
  - {fileID: 1703183930541986, guid: 19c2b0aeb80fe254180037ba0f3133da, type: 2}
  - {fileID: 1962437417724122, guid: 79f67430c20ee644490a8480d0f58220, type: 2}
  wallTiles:
  - {fileID: 1390451120888052, guid: 13f6ab31b682203478481543dd3822c4, type: 2}
  - {fileID: 1275933472711106, guid: 9cf71ea5f90252c4aae3a7e66b91ade1, type: 2}
  - {fileID: 1236963870820144, guid: c770d27f8124d5b49ab1c2954a10ed9e, type: 2}
  - {fileID: 1469219708709078, guid: 7eeb72391f7769e4ab498ba8c4c77db5, type: 2}
  - {fileID: 1411725533168732, guid: 4a02fab3485d71e429d953bfe7e207da, type: 2}
  - {fileID: 1569593713695044, guid: 0dd6d4d011d3f5d4c9e2312419916c97, type: 2}
  - {fileID: 1368056469437118, guid: 4a2ffcc4d566e7b419f5913f4f8b6e8e, type: 2}
  - {fileID: 1791266539738512, guid: b29f821361b00a542b5cbfd1f3f14d9c, type: 2}
  foodTiles:
  - {fileID: 1369325073886660, guid: 830746f252974c84e98d389f3c4f16c1, type: 2}
  - {fileID: 1671799878988984, guid: 2f45b18a28520a044ba66952d2bf3b54, type: 2}
  enemyTiles:
  - {fileID: 1752338114441894, guid: 815ad2a577e78564ba5488cc544f3dda, type: 2}
  - {fileID: 1515291723889174, guid: 61418b8f608d5c74d98aeac7d3e210ed, type: 2}
  outerWallTiles:
  - {fileID: 1780786759285620, guid: ef18f0e2608cf9347adece1ae1e64414, type: 2}
  - {fileID: 1363383989060924, guid: 84034b1627fb96c4fba01929da7c0382, type: 2}
  - {fileID: 1479406255138030, guid: 3d45c8e9f0303d34fb20cbb347e60af2, type: 2}
--- !u!114 &114832019533104568
MonoBehaviour:
  m_ObjectHideFlags: 1
  m_CorrespondingSourceObject: {fileID: 0}
  m_PrefabInternal: {fileID: 100100000}
  m_GameObject: {fileID: 1584646280736190}
  m_Enabled: 1
  m_EditorHideFlags: 0
  m_Script: {fileID: 11500000, guid: 59d2ae10c40fbf94fadc7056ef0390d5, type: 3}
  m_Name: 
  m_EditorClassIdentifier: 
  levelStartDelay: 2
  turnDelay: 0.1
  boardScript: {fileID: 0}
  playerFoodPoints: 100
  restartLevelDelay: 1
  playersTurn: 1
  playerObject: {fileID: 0}
